@article{planar_sliding1, 
auTHor = "Goyal, Suresh and Ruina, Andy and Papadopoulos, Jim", 
Title = {Planar sliding with dry friction Part 1. Limit surface and moment function}, 
publisher = {Wear},
volume = 143,
number = 2,
pages = "307--330",
YEAR = 1991,
}
@article{planar_sliding2, 
auTHor = "Goyal, Suresh and Ruina, Andy and Papadopoulos, Jim", 
Title = {Planar sliding with dry friction Part 2. Dynamics of motion}, 
publisher = {Wear},
volume = 143,
number = 2,
pages = "331--352",
YEAR = 1991,
}
@article{pushing3, 
auTHor = "Lee, Soo Hong and Cutkosky, M R", 
Title = {Fixture planning with friction}, 
publisher = {Journal of Engineering for Industry},
volume = 113,
number = 3,
pages = "320--327",
YEAR = 1991,
}
@article{pushing4, 
auTHor = "Mason, Matthew T", 
Title = {Mechanics and Planning of Manipulator Pushing Operations}, 
publisher = {The International Journal of Robotics Research},
volume = 5,
number = 3,
pages = "53--71",
YEAR = 1986,
}
@article{pushing5, 
auTHor = "Lynch, Kevin M and Mason, Matthew T", 
Title = {Stable Pushing : Mechanics, Controllability, and Planning}, 
publisher = {The International Journal of Robotics Research},
volume = 15,
number = 6,
pages = "533--556",
YEAR = 1996,
}
@article{pushing6, 
auTHor = "Lynch, Kevin M and Mason, Matthew T", 
Title = {Dynamic Nonprehensile Manipulation: Controllability, Planning and Experiments}, 
publisher = {The International Journal of Robotics Research},
volume = 18,
number = 1,
pages = "64--92",
YEAR = 1999,
}
@article{pushing7, 
auTHor = "Lynch, Kevin M and Mason, Matthew T", 
Title = {Dynamic Nonprehensile Manipulation: Controllability, Planning and Experiments}, 
publisher = {The International Journal of Robotics Research},
volume = 18,
number = 1,
pages = "64--92",
YEAR = 1999,
}
@article{lcc1, 
auTHor = "Anitescu, M. and Potra, F.", 
Title = {Formulating dynamic multi-rigid-body contact problems with friction as solvable linear complementarity problems.}, 
publisher = {Nonlinear Dynamics},
volume = 14,
number = 93,
pages = "231--247",
YEAR = 1997,
}
@article{seq, 
auTHor = "Bertsekas, Dimitri P. and Tsitsiklis, John N. and Wu, Cynara.", 
Title = {Rollout Algorithms for Combinatorial Optimization.}, 
publisher = {Journal of Heuristics},
volume = 3,
number = 3,
pages = "245--262",
YEAR = 1997,
}
@article{data_pushing, 
auTHor = "Zhou, Jiaji and Paolini, Robert and Bagnell, J Andrew and Mason, Matthew T", 
Title = {A Convex Polynomial Force-Motion Model for Planar Sliding: Identification and Application.}, 
publisher = {IEEE International Conference on Robotics and Automation (ICRA)},
YEAR = 2016,
}
@article{fom, 
auTHor = "Hogan, Fran√ßois and Rodriguez, Alberto", 
Title = {Feedback Control of the Pusher-Slider System: A Story of Hybrid and Underactuated Contact Dynamics.}, 
publisher = {Workshop on Algorithmic Foundation of Robotics (WAFR)},
YEAR = 2016,
} 
